<?xml version="1.0" encoding="UTF-8"?><collection xmlns="http://www.loc.gov/MARC21/slim"><record><leader>00365nam--2200121-i-4500</leader><controlfield tag="001">000001325</controlfield><controlfield tag="002">20161230</controlfield><controlfield tag="005">20161230201024</controlfield><controlfield tag="008">060222s1000------------r-----000-0-eng-d</controlfield><datafield ind1=" " ind2=" " tag="245"><subfield code="a">Introduction to pile theory.the science and engineering of nuclear power</subfield></datafield><datafield ind1=" " ind2=" " tag="260"><subfield code="a">Cambridge,Addison-wesley Press Inc., 1952. 514 P. + Index</subfield></datafield><datafield ind1=" " ind2=" " tag="700"><subfield code="a">Goodman, Clark</subfield></datafield><datafield ind1=" " ind2=" " tag="852"><subfield code="a">10256</subfield></datafield></record></collection>